@misc{opengl,
	author = {Khronos Group},
	title = {{O}pen{G}{L} - {T}he {I}ndustry {S}tandard for {H}igh {P}erformance {G}raphics --- opengl.org},
	howpublished = {\url{https://www.opengl.org/}},
	year = {},
	note = {[cit. 2024-03-15]},
}

@misc{vulkan,
	author = {Vulkan},
	title = {{H}ome | {V}ulkan | {C}ross platform 3{D} {G}raphics --- vulkan.org},
	howpublished = {\url{https://www.vulkan.org/}},
	year = {},
	note = {[cit. 2024-03-15]},
}

@misc{directx,
	author = {Microsoft},
	title = {{D}irect{X} graphics and gaming - {W}in32 apps --- learn.microsoft.com},
	howpublished = {\url{https://learn.microsoft.com/en-us/windows/win32/directx}},
	year = {},
	note = {[cit. 2024-03-15]},
}

@misc{webgpu,
	author = {w3},
	title = {{W}eb{G}{P}{U} --- w3.org},
	howpublished = {\url{https://www.w3.org/TR/webgpu/}},
	year = {},
	note = {[cit. 2024-03-15]},
}

@misc{opengles,
	author = {Kronos Group},
	title = {{O}pen{G}{L} {E}{S} - {T}he {S}tandard for {E}mbedded {A}ccelerated 3{D} {G}raphics --- khronos.org},
	howpublished = {\url{https://www.khronos.org/opengles/}},
	year = {},
	note = {[cit. 2024-03-15]},
}

@misc{khronos,
	author = {},
	title = {{T}he {K}hronos {G}roup --- khronos.org},
	howpublished = {\url{https://www.khronos.org/}},
	year = {},
	note = {[cit. 2024-03-15]},
}

@book{
    Shreiner_2013,
    place={Upper Saddle River etc.},
    title={OpenGL Programming Guide: The official guide to learning opengl, version 4.3},
    publisher={Addison-Wesley},
    author={Shreiner, Dave},
    year={2013},
    pages={2-3},
} 

@misc{
    lopgl_shaders,
    author = {},
    title = {{L}earn{O}pen{G}{L} - {S}haders --- learnopengl.com},
    howpublished = {\url{https://learnopengl.com/Getting-started/Shaders}},
    year = {},
    note = {[cit. 2024-03-15]},
}

@misc{
    lopgl_geometry_shader,
    author = {},
    title = {{L}earn{O}pen{G}{L} - {G}eometry {S}hader --- learnopengl.com},
    howpublished = {\url{https://learnopengl.com/Advanced-OpenGL/Geometry-Shader}},
    year = {},
    note = {[cit. 2024-03-15]},
}

@book{
    kandr,
    title = "{C} Programming Language",
    author = "Kernighan, Brian W and Ritchie, Dennis M",
    publisher = "Prentice Hall",
    edition = 2,
    month = mar,
    year = 1988,
    address = "Philadelphia, PA",
    pages = {8} ,
}

@misc{
    git,
    author = {},
    title = {{G}it --- git-scm.com},
    howpublished = {\url{https://git-scm.com/}},
    year = {},
    note = {[cit. 2024-03-16]},
}

@misc{
    apache,
    author = {Documentation Group},
    title = {{W}elcome! - {T}he {A}pache {H}{T}{T}{P} {S}erver {P}roject --- httpd.apache.org},
    howpublished = {\url{https://httpd.apache.org/}},
    year = {},
    note = {[cit. 2024-03-16]},
}

@misc{
    linux,
    author = {},
    title = {{L}inux.org --- linux.org},
    howpublished = {\url{https://www.linux.org/}},
    year = {},
    note = {[cit. 2024-03-16]},
}

@book{
    cpp,
    title = "The C++ programming language",
    author = "Stroustrup, Bjarne",
    publisher = "Addison-Wesley Educational",
    edition = 4,
    month = jul,
    year = 2013,
    address = "Boston, MA",
    pages = {9-10},
}

@misc{
    firefox,
    author = {},
    title = {{I}nternet for people, not profit --- mozilla.org},
    howpublished = {\url{https://www.mozilla.org/}},
    year = {},
    note = {[cit. 2024-03-16]},
}

@misc{
    photoshop,
    author = {},
    title = {{O}fficial {A}dobe {P}hotoshop - {P}hoto \& {D}esign {S}oftware --- adobe.com},
    howpublished = {\url{https://www.adobe.com/products/photoshop.html}},
    year = {},
    note = {[cit. 2024-03-16]},
}

@misc{
    mysql,
    author = {},
    title = {{M}y{S}{Q}{L} --- mysql.com},
    howpublished = {\url{https://www.mysql.com/}},
    year = {},
    note = {[cit. 2024-03-16]},
}

@misc{
    python,
    author = {},
    title = {{W}elcome to {P}ython.org --- python.org},
    howpublished = {\url{https://www.python.org/}},
    year = {},
    note = {[cit. 2024-03-16]},
}

@misc{
    java,
    author = {},
    title = {What is Java and why do I need it?},
    howpublished = {\url{https://www.java.com/en/download/help/whatis_java.html}},
    year = {},
    note = {[cit. 2024-03-16]},
}

@book{
    oop,
    title = "The object-oriented thought process",
    author = "Weisfeld, Matt A",
    publisher = "Addison-Wesley Educational",
    edition = 4,
    month = mar,
    year = 2013,
    address = "Boston, MA",
    language = "en",
    pages = {6-7},
}

@misc{
    pipeline_img,
    title = {LearnOpenGL - Hello Triangle},
    url = {https://learnopengl.com/img/getting-started/pipeline.png},
    note = {[cit. 2024-03-16]},
}

@misc{
    jvm,
    author = {},
    title = {{C}o je to {J}{V}{M} | {D}{A}{M}{I} --- damidev.com},
    howpublished = {\url{https://www.damidev.com/slovnik/jvm}},
    year = {},
    note = {[cit. 2024-03-16]},
}

@misc{
    gui,
    author = {},
    title = {{G}raphical user interface ({G}{U}{I}) --- britannica.com},
    howpublished = {\url{https://www.britannica.com/technology/graphical-user-interface}},
    year = {},
    note = {[cit. 2024-03-16]},
}

@misc{
    window,
    author = {},
    title = {{W}hat is a {W}indow? --- computerhope.com},
    howpublished = {\url{https://www.computerhope.com/jargon/w/window.htm}},
    year = {},
    note = {[cit. 2024-03-16]},
}

@misc{
    xp_window,
    title = {Windows XP - Getting Familiar with the Windows XP Window},
    url = {https://media.gcflearnfree.org/ctassets/topics/40/xp_wd_win.gif},
    note = {[cit. 2024-03-16]},
}

@misc{
    word,
    author = {},
    title = { {I}nformation {T}echnology {S}ervices --- ualr.edu},
    howpublished = {\url{https://ualr.edu/itservices/applications/v/microsoft-word/}},
    year = {},
    note = {[cit. 2024-03-16]},
}

@misc{
    camera,
    author = {},
    title = {{U}nderstanding the {C}amera in {C}omputer graphics --- selfcad.com},
    howpublished = {\url{https://www.selfcad.com/blog/understanding-the-camera-in-computer-graphics}},
    year = {},
    note = {[cit. 2024-03-16]},
}

@misc{
    camera_img,
    title = {Standard camera model considered harmful},
    url = {http://doc-ok.org/wp-content/uploads/2012/08/StandardCameraModel.png},
    note = {[cit. 2024-03-16]},
}

@misc{
    terraria,
    author = {},
    title = {{T}erraria --- terraria.org},
    howpublished = {\url{https://terraria.org/}},
    year = {},
    note = {[cit. 2024-03-16]},
}

@misc{
    blender,
    author = {Blender Foundation},
    title = {blender.org - {H}ome of the {B}lender project - {F}ree and {O}pen 3{D} {C}reation {S}oftware --- blender.org},
    howpublished = {\url{https://www.blender.org/}},
    year = {},
    note = {[cit. 2024-03-16]},
}

@misc{
    vao_vbo_ebo,
    author = {Khronos Group},
    title = {{V}ertex {S}pecification - {O}pen{G}{L} {W}iki --- khronos.org},
    howpublished = {\url{https://www.khronos.org/opengl/wiki/Vertex_Specification}},
    year = {},
    note = {[cit. 2024-03-16]},
}

@misc{
    buffer_object,
    author = {Khronos Group},
    title = {{B}uffer {O}bject - {O}pen{G}{L} {W}iki --- khronos.org},
    howpublished = {\url{https://www.khronos.org/opengl/wiki/Buffer_Object}},
    year = {},
    note = {[cit. 2024-03-16]},
}

@misc{
    texture,
    author = {},
    title = {{L}earn{O}pen{G}{L} - {T}extures --- learnopengl.com},
    howpublished = {\url{https://learnopengl.com/Getting-started/Textures}},
    year = {},
    note = {[cit. 2024-03-16]},
}

@misc{
    light,
    author = {Greg Sidelnikov},
    title = {{O}pen{G}{L} {L}ight {T}utorial {F}or {B}eginners --- falloutsoftware.com},
    howpublished = {\url{https://www.falloutsoftware.com/tutorials/gl/gl8.htm}},
    year = {},
    note = {[cit. 2024-03-17]},
}

@phdthesis{
    light_img,
    author = {Zubiaga, Carlos},
    year = {2016},
    month = {11},
    pages = {3},
    title = {Real-time 2D manipulation of plausible 3D appearance using shading and geometry buffers}
}

@misc{
    attenuation,
    author = {Tom Madams},
    title = {{L}ight attenuation --- tommadams.github.io},
    howpublished = {\url{https://tommadams.github.io/2011/01/31/light-attenuation.html}},
    year = {},
    note = {[cit. 2024-03-17]},
}

@misc{
    spotlight,
    author = {Etay Meiri},
    title = { {T}utorial 21 - {S}pot {L}ight  --- ogldev.org},
    howpublished = {\url{https://ogldev.org/www/tutorial21/tutorial21.html}},
    year = {},
    note = {[cit. 2024-03-17]},
}

@misc{
    gui2,
    author = {},
    title = {{C}o je {G}{U}{I}? | {P}each-dev --- peach-dev.cz},
    howpublished = {\url{https://peach-dev.cz/wiki/gui/}},
    year = {},
    note = {[cit. 2024-03-17]},
}

@misc{
    gui_img,
    title = {Linux GUI programming},
    url = {https://build-system.fman.io/static/public/img/widgets.png},
    note = {[cit. 2024-03-17]},
}

@misc{
    minecraft_img,
    title = {Where do Minecraft screenshots go? Storage source of in-game screenshots revealed},
    url = {https://staticg.sportskeeda.com/editor/2022/03/2ee4e-16481582659312-1920.jpg},
    note = {[cit. 2024-03-17]},
}

@misc{
    linear_algebra,
    author = {VŠEM},
    title = {{M}atematika {V}{Š}{E}{M} - {L}ineární algebra --- matematikavsem.cz},
    howpublished = {\url{https://www.matematikavsem.cz/linearni-algebra.html}},
    year = {},
    note = {[cit. 2024-03-18]},
}

@misc{
    vector,
    author = {},
    title = {{A}n introduction to vectors - {M}ath {I}nsight --- mathinsight.org},
    howpublished = {\url{https://mathinsight.org/vector_introduction}},
    year = {},
    note = {[cit. 2024-03-18]},
}

@misc{
    pythagorean_theorem,
    author = {CueMath},
    title = {{P}ythagoras {T}heorem - {F}ormula, {P}roof, {E}xamples  --- cuemath.com},
    howpublished = {\url{https://www.cuemath.com/geometry/pythagoras-theorem/}},
    year = {},
    note = {[cit. 2024-03-18]},
}

@misc{
    cross_product_img,
    title = {Cross product - Wikipedia},
    url = {https://en.wikipedia.org/wiki/Cross_product#/media/File:Cross_product_parallelogram.svg},
    note = {[cit. 2024-03-18]},
}

@misc{
    matrix,
    author = {},
    title = {{M}atrices: {D}efinition, {P}roperties, {T}ypes, {F}ormulas, and {E}xamples --- geeksforgeeks.org},
    howpublished = {\url{https://www.geeksforgeeks.org/matrices/}},
    year = {},
    note = {[cit. 2024-03-18]},
}

@misc{
    matrix_mp_img,
    title = {A Complete Beginners Guide to Matrix Multiplication for Data Science with Python Numpy},
    url = {https://miro.medium.com/v2/resize:fit:720/format:webp/1*YGcMQSr0ge_DGn96WnEkZw.png},
    note = {[cit. 2024-03-18]},
}
